






@article{Huang16,
    author = {Huang, W AND Mackay, T F C},
    journal = {PLOS Genet},
    publisher = {Public Library of Science},
    title = {The Genetic Architecture of Quantitative Traits Cannot Be Inferred from Variance Component Analysis},
    year = {2016},
    volume = {12},
    pages = {e1006421},
doi={10.1371/journal.pgen.1006421}
}





@Article{Martini16,
author="Martini, J W R
and Wimmer, V
and Erbe, M
and Simianer, H",
title="Epistasis and covariance: how gene interaction translates into genomic relationship",
journal="Theor Appl Genet",
year="2016",
volume="129",
pages="963--976",
doi={10.1007/s00122-016-2675-5}
}

@article{alvarez2007unified,
  title={A unified model for functional and statistical epistasis and its application in quantitative trait loci analysis},
  author={{\'A}lvarez-Castro, Jos{\'e} M and Carlborg, {\"O}rjan},
  journal={Genetics},
  volume={176},
  number={2},
  pages={1151--1167},
  year={2007},
  publisher={Genetics Soc America}
}

@article{karkkainen2015efficient,
  title={An efficient genome-wide multilocus epistasis search},
  author={K{\"a}rkk{\"a}inen, Hanni P and Li, Zitong and Sillanp{\"a}{\"a}, Mikko J},
  journal={Genetics},
  volume={201},
  number={3},
  pages={865--870},
  year={2015},
  publisher={Genetics Soc America}
}



@article{ober15,
  title={Accounting for genetic architecture improves sequence based genomic prediction for a {\it \uppercase{D}rosophila} fitness trait},
  author={Ober, Ulrike and Huang, Wen and Magwire, Michael and Schlather, Martin and Simianer, Henner and Mackay, Trudy F C},
  journal={PLOS ONE},
  volume={10},
  pages={e0126880},
  year={2015},
  publisher={Public Library of Science},
doi={10.1371/journal.pone.0126880}
}



@article{jiang15,
  title={Modeling epistasis in genomic selection},
  author={Jiang, Yong and Reif, Jochen C},
  journal={Genetics},
  volume={201},
  pages={759--768},
  year={2015},
  publisher={Genetics Soc America},
doi={10.1534/genetics.115.177907}
}


@article {meuwissen01,
	author = {Meuwissen, T H E and Hayes, B J and Goddard, M E},
	title = {Prediction of Total Genetic Value Using Genome-Wide Dense Marker Maps},
	volume = {157},
	pages = {1819--1829},
	year = {2001},
	publisher = {Genetics},
	journal = {Genetics},
url={http://www.genetics.org/content/157/4/1819}
}


@ARTICLE{Morota14,
AUTHOR={Morota, G and Gianola, D},   
TITLE={Kernel-based whole-genome prediction of complex traits: a review},      
JOURNAL={Front Genet},      
VOLUME={5},      
PAGES={363},     
YEAR={2014},
doi= {10.3389/fgene.2014.00363}
}


@Article{Martini17,
author="Martini, J W R
and Gao, N
and Cardoso, D F
and Wimmer, V
and Erbe, M
and Cantet, R J C
and Simianer, H",
title="Genomic prediction with epistasis models: on the marker-coding-dependent performance of the extended GBLUP and properties of the categorical epistasis model ({CE})",
journal="BMC Bioinformatics",
year="2017",
volume="18",
pages="3",
doi={10.1186/s12859-016-1439-1}
}



@article{clifford2014regress,
  title={The regress package},
  author={Clifford, David and McCullagh, Peter and Clifford, Maintainer David},
  journal={R package version},
  pages={1--3},
  year={2014}
}

@misc{RCoreTeam2016R:Computing,
    title = {{R: A language and environment for statistical computing}},
    year = {2016},
    author = {{R Core Team}},
    publisher = {R Foundation for Statistical Computing},
    address = {Vienna, Austria}
}

 @Manual{BGLR,
    title = {BGLR: Bayesian Generalized Linear Regression},
    author = {Gustavo de los Campos and Paulino Perez Rodriguez,},
    year = {2016},
    note = {R package version 1.0.5},
    url = {https://CRAN.R-project.org/package=BGLR},
  }





@article{Crossa10,
	author = {Crossa, J and de los Campos, G and P{\'e}rez, P and Gianola, D and Burgue{\~n}o, J and Araus, J L and Makumbi, D and Singh, R P and Dreisigacker, S and Yan, J and Arief, V and Banziger, M
 and Braun, H J},
	title = {Prediction of Genetic Values of Quantitative Traits in Plant Breeding Using Pedigree and Molecular Markers},
	volume = {186},
	pages = {713--724},
	year = {2010},
	journal = {Genetics},
doi={10.1534/genetics.110.118521}
}



@article{vitezica,
  title={Orthogonal Estimates of Variances for Additive, Dominance, and Epistatic Effects in Populations},
  author={Vitezica, Zulma G and Legarra, Andr{\'e}s and Toro, Miguel A and Varona, Luis},
  journal={Genetics},
  volume={206},
  number={3},
  pages={1297--1307},
  year={2017},
  publisher={Genetics Soc America}
}




@article{he2016does,
  title={Does encoding matter? a novel view on the quantitative genetic trait prediction problem},
  author={He, Dan and Parida, Laxmi},
  journal={BMC bioinformatics},
  volume={17},
  number={9},
  pages={272},
  year={2016},
  publisher={BioMed Central}
}


@article{henderson75,
  title={Best linear unbiased estimation and prediction under a selection model},
  author={Henderson, Charles R},
  journal={Biometrics},
volume={31},
  pages={423--447},
  year={1975},
  publisher={IBS},
doi={10.2307/2529430}
}


@article{henderson76,
  title={Multiple trait evaluation using relatives' records},
  author={Henderson, C R and Quaas, R L},
  journal={J Anim Sci},
  volume={43},
  pages={1188--1197},
  year={1976},
  publisher={The American Society of Animal Science},
doi={10.2527/jas1976.4361188x}
}

@article{henderson77,
  title={Best linear unbiased prediction of breeding values not in the model for records},
  author={Henderson, C R},
  journal={J Dairy Sci},
  volume={60},
  pages={783--787},
  year={1977},
  publisher={Elsevier},
doi={10.3168/jds.S0022-0302(77)83935-0}
}

@article{schaeffer06,
  title={Strategy for applying genome-wide selection in dairy cattle},
  author={Schaeffer, LR},
  journal={J Anim Breed Genet},
  volume={123},
  pages={218--223},
  year={2006},
  publisher={Wiley Online Library},
doi={10.1111/j.1439-0388.2006.00595.x}
}


@article{schaeffer2004application,
  title={Application of random regression models in animal breeding},
  author={Schaeffer, LR},
  journal={Livestock Production Science},
  volume={86},
  number={1},
  pages={35--45},
  year={2004},
  publisher={Elsevier}
}

@book{falconer96,
  
title={Introduction to Quantitative Genetics},
  
author={Falconer, D S  and Mackay, T F C },
 
year={1996},
  
publisher={Pearson Education, London}
,
isbn={978-0582243026}
}




@article{habier07,
  title={The impact of genetic relationship information on genome-assisted breeding values},
  author={Habier, D and Fernando, R L and Dekkers, J C M},
  journal={Genetics},
  volume={177},
  pages={2389--2397},
  year={2007},
  publisher={Genetics Soc America},
 doi={10.1534/genetics.107.081190}
}



@article{hayes09a,
  title={Increased accuracy of artificial selection by using the realized relationship matrix},
  author={Hayes, Ben John and Visscher, Peter M and Goddard, Michael E},
  journal={Genet Res},
  volume={91},
  pages={47--60},
  year={2009},
  publisher={Cambridge University Press},
doi={10.1017/S0016672308009981}
}


@article{hayes13,
    title = {{Prospects for genomic selection in forage plant species}},
    year = {2013},
    journal = {Plant Breeding},
    author = {Hayes, Benjamin J. and Cogan, Noel O. I. and Pembleton, Luke W. and Goddard, Michael E. and Wang, Junping and Spangenberg, German C. and Forster, John W.},
    pages = {133--143},
    volume = {132},
    doi = {10.1111/pbr.12037}
}

@article{tibshirani96,
  title={Regression shrinkage and selection via the lasso},
  author={Tibshirani, Robert},
  journal={Journal of the Royal Statistical Society. Series B (Methodological)},
  pages={267--288},
  year={1996},
  publisher={JSTOR}
}

@article{stranden11,
  title={Allele coding in genomic evaluation},
  author={Strand{\'e}n, Ismo and Christensen, Ole F},
  journal={Genetics Selection Evolution},
  volume={43},
  number={1},
  pages={25},
  year={2011},
  publisher={BioMed Central}
}

@article{perez17,
  title={Single-step genomic and pedigree genotype$\times$ environment interaction models for predicting wheat lines in international environments},
  author={P{\'e}rez-Rodr{\'\i}guez, Paulino and Crossa, Jos{\'e} and Rutkoski, Jessica and Poland, Jesse and Singh, Ravi and Legarra, Andr{\'e}s and Autrique, Enrique and Campos, Gustavo de los and Burgue{\~n}o, Juan and Dreisigacker, Susanne},
  journal={The plant genome},
  volume={10},
  number={2},
  year={2017},
  publisher={Crop Science Society of America}
}